<record><leader>00000cas a22000007a 4500</leader><controlfield tag="001">26293288</controlfield><controlfield tag="008">920731d19671968ctucr ne      0    0eng d</controlfield><datafield ind1=" " ind2=" " tag="010"><subfield code="a">sn 92051352 </subfield></datafield><datafield ind1=" " ind2=" " tag="040"><subfield code="a">CNW</subfield><subfield code="b">eng</subfield><subfield code="c">CNW</subfield><subfield code="d">OCLCQ</subfield></datafield><datafield ind1=" " ind2=" " tag="042"><subfield code="a">msc</subfield></datafield><datafield ind1="0" ind2="4" tag="245"><subfield code="a">The Town crier of Westport.</subfield></datafield><datafield ind1="1" ind2="3" tag="246"><subfield code="a">Town crier</subfield></datafield><datafield ind1=" " ind2=" " tag="260"><subfield code="a">Fairfield [Conn.] :</subfield><subfield code="b">Joseph Purtell</subfield></datafield><datafield ind1=" " ind2=" " tag="300"><subfield code="a">v.</subfield></datafield><datafield ind1=" " ind2=" " tag="310"><subfield code="a">Semiweekly</subfield></datafield><datafield ind1="0" ind2=" " tag="362"><subfield code="a">Oct. 8, 1967-Aug. 1, 1968.</subfield></datafield><datafield ind1=" " ind2=" " tag="500"><subfield code="a">Published in Westport [Conn.], July-Aug. 1968.</subfield></datafield><datafield ind1=" " ind2=" " tag="530"><subfield code="a">Available on microfilm from New England Micrographics, Marlboro, Mass.</subfield></datafield><datafield ind1=" " ind2="4" tag="651"><subfield code="a">Westport (Conn.)</subfield><subfield code="v">Newspapers.</subfield></datafield><datafield ind1=" " ind2="4" tag="651"><subfield code="a">Fairfield (Conn.)</subfield><subfield code="v">Newspapers.</subfield></datafield><datafield ind1=" " ind2="4" tag="651"><subfield code="a">Weston (Conn.)</subfield><subfield code="v">Newspapers.</subfield></datafield><datafield ind1=" " ind2=" " tag="752"><subfield code="a">United States</subfield><subfield code="b">Connecticut</subfield><subfield code="c">Fairfield</subfield><subfield code="d">Westport.</subfield></datafield><datafield ind1="0" ind2=" " tag="775"><subfield code="t">Town crier of Fairfield</subfield><subfield code="w">(DLC)sn 92051330</subfield></datafield><datafield ind1="0" ind2="0" tag="780"><subfield code="t">Town crier (Westport, Conn. : 1957)</subfield><subfield code="w">(DLC)sn 92051329</subfield></datafield><datafield ind1="0" ind2="0" tag="785"><subfield code="t">Daily town crier</subfield><subfield code="w">(DLC)sn 92051351</subfield></datafield><datafield ind1="1" ind2=" " tag="029"><subfield code="a">AU@</subfield><subfield code="b">000020740764</subfield></datafield></record>